@article{toth2019single,
  title={Single-cycle scalable terahertz pulse source in reflection geometry},
  author={T{\'o}th, Gy{\"o}rgy and P{\'a}lfalvi, L{\'a}szl{\'o} and Tibai, Zolt{\'a}n and Tokodi, Levente and F{\"u}l{\"o}p, J{\'o}zsef A and M{\'a}rton, Zsuzsanna and Alm{\'a}si, G{\'a}bor and Hebling, J{\'a}nos},
  journal={Optics Express},
  volume={27},
  number={21},
  pages={30681--30691},
  year={2019},
  publisher={Optica Publishing Group}
}
@article{krizsan2020lithium,
  title={Lithium niobate and lithium tantalate based scalable terahertz pulse sources in reflection geometry},
  author={Krizs{\'a}n, Gerg{\"o} and Tibai, Zolt{\'a}n and Hebling, J{\'a}nos and P{\'a}lfalvi, L{\'a}szl{\'o} and Alm{\'a}si, G{\'a}bor and T{\'o}th, Gy{\"o}rgy},
  journal={Optics Express},
  volume={28},
  number={23},
  pages={34320--34327},
  year={2020},
  publisher={Optica Publishing Group}
}
@article{palfalvi2017numerical,
  title={Numerical investigation of a scalable setup for efficient terahertz generation using a segmented tilted-pulse-front excitation},
  author={P{\'a}lfalvi, L{\'a}szl{\'o} and T{\'o}th, Gy{\"o}rgy and Tokodi, Levente and M{\'a}rton, Zsuzsanna and F{\"u}l{\"o}p, J{\'o}zsef Andr{\'a}s and Alm{\'a}si, G{\'a}bor and Hebling, J{\'a}nos},
  journal={Optics express},
  volume={25},
  number={24},
  pages={29560--29573},
  year={2017},
  publisher={Optical Society of America}
}
@article{hebling2002velocity,
  title={Velocity matching by pulse front tilting for large-area THz-pulse generation},
  author={Hebling, Janos and Almasi, Gabor and Kozma, Ida Z and Kuhl, J{\"u}rgen},
  journal={Optics Express},
  volume={10},
  number={21},
  pages={1161--1166},
  year={2002},
  publisher={Optical Society of America}
}

@article{vodopyanov2006optical,
  title={Optical generation of narrow-band terahertz packets in periodically-inverted electro-optic crystals: conversion efficiency and optimal laser pulse format},
  author={Vodopyanov, Konstantin L},
  journal={Optics Express},
  volume={14},
  number={6},
  pages={2263--2276},
  year={2006},
  publisher={Optical Society of America}
}

@article{ravi2014limitations,
  title={Limitations to THz generation by optical rectification using tilted pulse fronts},
  author={Ravi, Koustuban and Huang, W Ronny and Carbajo, Sergio and Wu, Xiaojun and K{\"a}rtner, Franz},
  journal={Optics express},
  volume={22},
  number={17},
  pages={20239--20251},
  year={2014},
  publisher={Optical Society of America}
}

@inproceedings{wu20201,
  title={1.4 mJ High Energy THz Radiation from Lithium Niobates},
  author={Wu, Xiaojun and Zhang, Baolong and Ma, Jinglong and Li, Yutong},
  booktitle={2020 45th International Conference on Infrared, Millimeter, and Terahertz Waves (IRMMW-THz)},
  pages={1--2},
  year={2020},
  organization={IEEE}
}

@article{bass1962optical,
  title={Optical rectification},
  author={Bass, M and Franken, PA and Ward, JF and Weinreich, G},
  journal={Physical Review Letters},
  volume={9},
  number={11},
  pages={446},
  year={1962},
  publisher={APS}
}

@article{tan2012terahertz,
  title={Terahertz radiation sources based on free electron lasers and their applications},
  author={Tan, Ping and Huang, Jiang and Liu, KaiFeng and Xiong, YongQian and Fan, MingWu},
  journal={Science China Information Sciences},
  volume={55},
  number={1},
  pages={1--15},
  year={2012},
  publisher={Springer}
}

@article{salen2019matter,
  title={Matter manipulation with extreme terahertz light: Progress in the enabling THz technology},
  author={Sal{\'e}n, Peter and Basini, Martina and Bonetti, Stefano and Hebling, J{\'a}nos and Krasilnikov, Mikhail and Nikitin, Alexey Y and Shamuilov, Georgii and Tibai, Zolt{\'a}n and Zhaunerchyk, Vitali and Goryashko, Vitaliy},
  journal={Physics reports},
  volume={836},
  pages={1--74},
  year={2019},
  publisher={Elsevier}
}

@article{nanni2015terahertz,
  title={Terahertz-driven linear electron acceleration},
  author={Nanni, Emilio A and Huang, Wenqian R and Hong, Kyung-Han and Ravi, Koustuban and Fallahi, Arya and Moriena, Gustavo and Dwayne Miller, RJ and K{\"a}rtner, Franz X},
  journal={Nature communications},
  volume={6},
  number={1},
  pages={1--8},
  year={2015},
  publisher={Nature Publishing Group}
}
@article{ofori2016thz,
  title={THz generation using a reflective stair-step echelon},
  author={Ofori-Okai, Benjamin K and Sivarajah, Prasahnt and Huang, W Ronny and Nelson, Keith A},
  journal={Optics express},
  volume={24},
  number={5},
  pages={5057--5068},
  year={2016},
  publisher={Optical Society of America}
}

@article{badorreck2015scanning,
  title={Scanning nonlinear absorption in lithium niobate over the time regime of small polaron formation},
  author={Badorreck, Holger and Nolte, Stefan and Freytag, Felix and B{\"a}une, Pia and Dieckmann, Volker and Imlau, Mirco},
  journal={Optical Materials Express},
  volume={5},
  number={12},
  pages={2729--2741},
  year={2015},
  publisher={Optical Society of America}
}
@article{cherchi2008second,
  title={Second-harmonic generation in surface periodically poled lithium niobate waveguides: on the role of multiphoton absorption},
  author={Cherchi, M and Stivala, S and Pasquazi, A and Busacca, AC and Riva Sanseverino, S and Cino, AC and Colace, L and Assanto, G},
  journal={Applied Physics B},
  volume={93},
  number={2},
  pages={559--565},
  year={2008},
  publisher={Springer}
}
@article{blanchard2007generation,
  title={Generation of 1.5 $\mu$J single-cycle terahertz pulses by optical rectification from a large aperture ZnTe crystal},
  author={Blanchard, F and Razzari, L and Bandulet, H-C and Sharma, G and Morandotti, R and Kieffer, J-C and Ozaki, T and Reid, M and Tiedje, HF and Haugen, HK and others},
  journal={Optics Express},
  volume={15},
  number={20},
  pages={13212--13220},
  year={2007},
  publisher={Optical Society of America}
}
@article{wang2020full,
  title={Full 3D+ 1 modeling of tilted-pulse-front setups for single-cycle terahertz generation},
  author={Wang, Lu and Kroh, Tobias and Matlis, Nicholas H and K{\"a}rtner, Franz},
  journal={JOSA B},
  volume={37},
  number={4},
  pages={1000--1007},
  year={2020},
  publisher={Optical Society of America}
}
@article{toth2019numerical,
  title={Numerical investigation of imaging-free terahertz generation setup using segmented tilted-pulse-front excitation},
  author={T{\'o}th, Gy{\"o}rgy and P{\'a}lfalvi, L{\'a}szl{\'o} and F{\"u}l{\"o}p, J{\'o}zsef A and Krizs{\'a}n, Gerg{\H{o}} and Matlis, Nicholas H and Alm{\'a}si, G{\'a}bor and Hebling, J{\'a}nos},
  journal={Optics express},
  volume={27},
  number={5},
  pages={7762--7775},
  year={2019},
  publisher={Optical Society of America}
}
@article{ravi2015theory,
  title={Theory of terahertz generation by optical rectification using tilted-pulse-fronts},
  author={Ravi, Koustuban and Huang, Wenqian Ronny and Carbajo, Sergio and Nanni, Emilio A and Schimpf, Damian N and Ippen, Erich P and K{\"a}rtner, Franz X},
  journal={Optics express},
  volume={23},
  number={4},
  pages={5253--5276},
  year={2015},
  publisher={Optical Society of America}
}
@article{hebling2008generation,
  title={Generation of high-power terahertz pulses by tilted-pulse-front excitation and their application possibilities},
  author={Hebling, J{\'a}nos and Yeh, Ka-Lo and Hoffmann, Matthias C and Bartal, Bal{\'a}zs and Nelson, Keith A},
  journal={JOSA B},
  volume={25},
  number={7},
  pages={B6--B19},
  year={2008},
  publisher={Optical Society of America}
}
@article{osvay2004angular,
  title={Angular dispersion and temporal change of femtosecond pulses from misaligned pulse compressors},
  author={Osvay, K{\'a}roly and Kov{\'a}cs, Attila P and Heiner, Zsuzsanna and Kurdi, G{\'a}bor and Klebniczki, J{\'o}zsef and Csat{\'a}ri, M{\'a}rta},
  journal={IEEE Journal of selected topics in quantum electronics},
  volume={10},
  number={1},
  pages={213--220},
  year={2004},
  publisher={IEEE}
}
@article{hebling1996derivation,
  title={Derivation of the pulse front tilt caused by angular dispersion},
  author={Hebling, J},
  journal={Optical and Quantum Electronics},
  volume={28},
  number={12},
  pages={1759--1763},
  year={1996},
  publisher={Springer}
}
@article{zhang2017extreme,
  title={Extreme terahertz science},
  author={Zhang, Xi Cheng and Shkurinov, Alexander and Zhang, Yan},
  journal={Nature Photonics},
  volume={11},
  number={1},
  pages={16--18},
  year={2017},
  publisher={Nature Publishing Group}
}
@article{zhang2020cascaded,
  title={Cascaded multicycle terahertz-driven ultrafast electron acceleration and manipulation},
  author={Zhang, Dongfang and Fakhari, Moein and Cankaya, Huseyin and Calendron, Anne-Laure and Matlis, Nicholas H and K{\"a}rtner, Franz X},
  journal={Physical Review X},
  volume={10},
  number={1},
  pages={011067},
  year={2020},
  publisher={APS}
}
@article{ma2022optical,
  title={Optical generation of strong-field terahertz radiation and its application in nonlinear terahertz metasurfaces},
  author={Ma, Zhenzhe and Li, Peiyan and Chen, Sai and Wu, Xiaojun},
  journal={Nanophotonics},
  year={2022},
  publisher={De Gruyter}
}